@misc{whitepaper,
  author       = {wikipedia},
  title        = {White paper},
  year         = {2025},
  howpublished = {\url{https://en.wikipedia.org/wiki/White_paper}},
  note         = {Acesso em: 21 jun. 2025}
}

@misc{project,
  author       = {indeed},
  title        = {How to Write a Project Overview (With Template and Example)},
  year         = {2025},
  howpublished = {\url{https://ca.indeed.com/career-advice/career-development/how-to-write-project-overview}},
  note         = {Acesso em: 13 jun. 2025}
}

@misc{req_inverse,
  author       = {Karl Wiegers},
  title        = {Requirements Management},
  year         = {2012},
  howpublished = {\url{https://static1.squarespace.com/static/50c9c50fe4b0a97682fac903/t/50feb37ce4b000014e7f1191/1358869372660/Karl+Wiegers+Writing+High+Quality+Requirements-1.pdf}},
  note         = {Acesso em: 20 Mai. 2025}
}

@misc{req_Func_NonFunc,
  author       = {geeksforgeeks},
  title        = {Functional vs. Non Functional Requirements},
  year         = {2025},
  howpublished = {\url{https://www.geeksforgeeks.org/functional-vs-non-functional-requirements/}},
  note         = {Acesso em: 20 Mai. 2025}
}

@misc{SWOT,
  author       = {Scoreplan},
  title        = {SWOT Analysis: What It Is and How to Use It to Grow Your Business},
  year         = {2025},
  howpublished = {\url{https://scoreplan.com.br/swot-analysis/},
  note         = {Acesso em: 20 Mai. 2025}
}


@misc{MIT,
  author       = {wikipedia},
  title        = {MIT License},
  year         = {2025},
  howpublished = {\url{https://en.wikipedia.org/wiki/MIT_License},
  note         = {Acesso em: 20 Mai. 2025}
}